% Bibliography for AuDHD Correlation Study Datasets
% Generated by Dataset Documentation System
% Last Updated: 2025-09-30
%
% To cite a dataset in LaTeX:
% \cite{dataset_id}

@article{pgcadhdgwas,
    title = {Discovery of the first genome-wide significant risk loci for attention deficit/hyperactivity disorder},
    author = {Demontis, Ditte and Walters, Raymond K and Martin, Joanna and Mattheisen, Manuel and Als, Thomas D and Agerbo, Esben and Baldursson, Gisli and Belliveau, Richard and Bybjerg-Grauholm, Jonas and Bækvad-Hansen, Marie and others},
    journal = {Nature Genetics},
    volume = {51},
    number = {1},
    pages = {63--75},
    year = {2019},
    publisher = {Nature Publishing Group},
    doi = {10.1038/s41588-018-0269-7},
    note = {Psychiatric Genomics Consortium ADHD Genome-Wide Association Study - Large-scale GWAS meta-analysis including 20,183 individuals with ADHD and 35,191 controls}
}

@article{sparkphenotypes,
    title = {SPARK: A US Cohort of 50,000 Families to Accelerate Autism Research},
    author = {{SPARK Consortium}},
    journal = {Neuron},
    volume = {97},
    number = {3},
    pages = {488--493},
    year = {2018},
    publisher = {Elsevier},
    doi = {10.1016/j.neuron.2018.01.015},
    note = {SPARK Autism Phenotype Data - Detailed phenotype data including demographics, diagnostic assessments, and behavioral measures for over 50,000 individuals with autism}
}

@article{abcdmicrobiome,
    title = {The conception of the ABCD study: From substance use to a broad NIH collaboration},
    author = {Volkow, Nora D and Koob, George F and Croyle, Robert T and Bianchi, Diana W and Gordon, Joshua A and Koroshetz, Walter J and Pérez-Stable, Eliseo J and Riley, William T and Bloch, Michele H and Conway, Kevin and others},
    journal = {Developmental Cognitive Neuroscience},
    volume = {32},
    pages = {4--7},
    year = {2018},
    publisher = {Elsevier},
    doi = {10.1016/j.dcn.2017.10.002},
    note = {ABCD Study Gut Microbiome Data - Gut microbiome 16S rRNA sequencing data from longitudinal study following 11,878 children}
}

@misc{epaaqsneurotoxins,
    title = {Air Quality System Data Mart},
    author = {{U.S. Environmental Protection Agency}},
    year = {2024},
    url = {https://aqs.epa.gov/aqsweb/documents/data_api.html},
    note = {EPA Air Quality System - Neurotoxic Pollutants - Air quality data for neurotoxic pollutants including PM2.5, benzene, lead, and other criteria pollutants}
}

% Additional datasets referenced in the study

@article{pgc_autism_gwas,
    title = {Identification of common genetic risk variants for autism spectrum disorder},
    author = {Grove, Jakob and Ripke, Stephan and Als, Thomas D and Mattheisen, Manuel and Walters, Raymond K and Won, Hyejung and Pallesen, Jonatan and Agerbo, Esben and Andreassen, Ole A and Anney, Richard and others},
    journal = {Nature Genetics},
    volume = {51},
    number = {3},
    pages = {431--444},
    year = {2019},
    publisher = {Nature Publishing Group},
    doi = {10.1038/s41588-019-0344-8}
}

@article{ukbiobank,
    title = {The UK Biobank resource with deep phenotyping and genomic data},
    author = {Bycroft, Clare and Freeman, Colin and Petkova, Desislava and Band, Gavin and Elliott, Lloyd T and Sharp, Kevin and Motyer, Allan and Vukcevic, Damjan and Delaneau, Olivier and O'Connell, Jared and others},
    journal = {Nature},
    volume = {562},
    number = {7726},
    pages = {203--209},
    year = {2018},
    publisher = {Nature Publishing Group},
    doi = {10.1038/s41586-018-0579-z}
}

@article{ssc,
    title = {Whole genome sequencing resource identifies 18 new candidate genes for autism spectrum disorder},
    author = {Yuen, Ryan KC and Merico, Daniele and Bookman, Matthew and Howe, Jennifer L and Thiruvahindrapuram, Bhooma and Patel, Rohan V and Whitney, Janet and Deflaux, Nicole and Bingham, Jonathan and Wang, Zhuozhi and others},
    journal = {Nature Neuroscience},
    volume = {20},
    number = {4},
    pages = {602--611},
    year = {2017},
    publisher = {Nature Publishing Group},
    doi = {10.1038/nn.4524},
    note = {Simons Simplex Collection - 2,600 simplex families with whole genome sequencing}
}

@article{abcd_baseline,
    title = {The Adolescent Brain Cognitive Development (ABCD) study: imaging acquisition across 21 sites},
    author = {Casey, BJ and Cannonier, Tariq and Conley, May I and Cohen, Alexandra O and Barch, Deanna M and Heitzeg, Mary M and Soules, Mary E and Teslovich, Theresa and Dellarco, Danielle V and Garavan, Hugh and others},
    journal = {Developmental Cognitive Neuroscience},
    volume = {32},
    pages = {43--54},
    year = {2018},
    publisher = {Elsevier},
    doi = {10.1016/j.dcn.2018.03.001}
}

@article{ndar,
    title = {The National Database for Autism Research: a resource for investigating the pathophysiology of autism},
    author = {Hall, Deborah and Huerta, Michael F and McAuliffe, Matthew J and Farber, Gregory K},
    journal = {Biological Psychiatry},
    volume = {71},
    number = {12},
    pages = {1046--1053},
    year = {2012},
    publisher = {Elsevier},
    doi = {10.1016/j.biopsych.2012.04.012}
}

@article{mssng,
    title = {Whole-genome sequencing of quartet families with autism spectrum disorder},
    author = {Yuen, Ryan KC and Thiruvahindrapuram, Bhooma and Merico, Daniele and Walker, Susan and Tammimies, Kristiina and Hoang, Ny and Chrysler, Christina and Nalpathamkalam, Thomas and Pellecchia, Giovanna and Liu, Yuan and others},
    journal = {Nature Medicine},
    volume = {21},
    number = {2},
    pages = {185--191},
    year = {2015},
    publisher = {Nature Publishing Group},
    doi = {10.1038/nm.3792}
}

@article{abide,
    title = {The autism brain imaging data exchange: towards a large-scale evaluation of the intrinsic brain architecture in autism},
    author = {Di Martino, Adriana and Yan, Chao-Gan and Li, Qingyang and Denio, Erin and Castellanos, Francisco X and Alaerts, Kaat and Anderson, Jeffrey S and Assaf, Michal and Bookheimer, Susan Y and Dapretto, Mirella and others},
    journal = {Molecular Psychiatry},
    volume = {19},
    number = {6},
    pages = {659--667},
    year = {2014},
    publisher = {Nature Publishing Group},
    doi = {10.1038/mp.2013.78}
}

@article{adhd200,
    title = {The ADHD-200 Consortium: a model to advance the translational potential of neuroimaging in clinical neuroscience},
    author = {{ADHD-200 Consortium}},
    journal = {Frontiers in Systems Neuroscience},
    volume = {6},
    pages = {62},
    year = {2012},
    publisher = {Frontiers},
    doi = {10.3389/fnsys.2012.00062}
}

% Environmental data sources

@misc{epa_aqs,
    title = {Air Quality System (AQS)},
    author = {{U.S. Environmental Protection Agency}},
    year = {2024},
    url = {https://www.epa.gov/aqs},
    note = {EPA's repository of ambient air pollution data}
}

@misc{epa_tri,
    title = {Toxics Release Inventory (TRI) Program},
    author = {{U.S. Environmental Protection Agency}},
    year = {2024},
    url = {https://www.epa.gov/toxics-release-inventory-tri-program},
    note = {Annual reporting of toxic chemical releases}
}

@misc{usgs_water,
    title = {National Water Information System (NWIS)},
    author = {{U.S. Geological Survey}},
    year = {2024},
    url = {https://waterdata.usgs.gov/nwis},
    note = {Water quality and quantity data for the United States}
}

@misc{census_geocoding,
    title = {Census Geocoding Services},
    author = {{U.S. Census Bureau}},
    year = {2024},
    url = {https://geocoding.geo.census.gov/},
    note = {API for converting addresses to geographic coordinates and census geographies}
}

% Clinical trial registries

@misc{clinicaltrials,
    title = {ClinicalTrials.gov},
    author = {{U.S. National Library of Medicine}},
    year = {2024},
    url = {https://clinicaltrials.gov/},
    note = {Database of clinical studies conducted around the world}
}

% Biobanks

@article{autism_brainnet,
    title = {Autism BrainNet: a network of postmortem brain banks established to facilitate autism research},
    author = {Keller, Alison and Hara, Yoshiko and Tang, Qin and McQuade, Terri and Roth, Robert and others},
    journal = {Neuropathology and Applied Neurobiology},
    volume = {44},
    number = {1},
    pages = {5--8},
    year = {2018},
    doi = {10.1111/nan.12453}
}

@misc{nimh_repository,
    title = {NIMH Repository and Genomics Resource},
    author = {{National Institute of Mental Health}},
    year = {2024},
    url = {https://www.nimhgenetics.org/},
    note = {Collection of biomaterials for mental health research}
}

% Genomic resources

@article{gwas_catalog,
    title = {The NHGRI-EBI GWAS Catalog of published genome-wide association studies, targeted arrays and summary statistics 2019},
    author = {Buniello, Annalisa and MacArthur, Jacqueline AL and Cerezo, Maria and Harris, Laura W and Hayhurst, James and Malangone, Cinzia and McMahon, Aoife and Morales, Joannella and Mountjoy, Edward and Sollis, Elliot and others},
    journal = {Nucleic Acids Research},
    volume = {47},
    number = {D1},
    pages = {D1005--D1012},
    year = {2019},
    publisher = {Oxford University Press},
    doi = {10.1093/nar/gky1120}
}

@article{dbgap,
    title = {The NCBI dbGaP database of genotypes and phenotypes},
    author = {Tryka, Katleen A and Hao, Lei and Sturcke, Andrew and Jin, Yongliang and Wang, Zhen Y and Ziyabari, Lora and Lee, Moira and Popova, Natalia and Sharopova, Nataliya and Kimura, Masato and others},
    journal = {Nature Genetics},
    volume = {46},
    number = {11},
    pages = {1142--1144},
    year = {2014},
    publisher = {Nature Publishing Group},
    doi = {10.1038/ng.3129}
}

@article{ega,
    title = {The European Genome-phenome Archive of human data consented for biomedical research},
    author = {Lappalainen, Ilkka and Almeida-King, Juha and Kumanduri, Vishal and Senf, Alexander and Spalding, J Dylan and Ur-Rehman, Sameena and Saunders, Gary and Kandasamy, Janarthanan and Caccamo, Mario and Leinonen, Rasko and others},
    journal = {Nature Genetics},
    volume = {47},
    number = {7},
    pages = {692--695},
    year = {2015},
    publisher = {Nature Publishing Group},
    doi = {10.1038/ng.3312}
}

% Gene expression resources

@article{geo,
    title = {NCBI GEO: archive for functional genomics data sets—update},
    author = {Edgar, Ron and Domrachev, Michael and Lash, Alex E},
    journal = {Nucleic Acids Research},
    volume = {30},
    number = {1},
    pages = {207--210},
    year = {2002},
    publisher = {Oxford University Press},
    doi = {10.1093/nar/30.1.207}
}

% Metabolomics resources

@article{metabolights,
    title = {MetaboLights: towards a collaborative open access resource for metabolomics data},
    author = {Haug, Kenneth and Salek, Reza M and Conesa, Pablo and Hastings, Janna and de Matos, Paula and Rijnbeek, Markus and Mahendraker, Tejasvi and Williams, Mark and Neumann, Steffen and Rocca-Serra, Philippe and others},
    journal = {Nucleic Acids Research},
    volume = {41},
    number = {D1},
    pages = {D781--D786},
    year = {2013},
    publisher = {Oxford University Press},
    doi = {10.1093/nar/gks1004}
}

@article{metabolomics_workbench,
    title = {RefMet: a reference nomenclature for metabolomics},
    author = {Fahy, Eoin and Subramaniam, Shankar},
    journal = {Nature Methods},
    volume = {17},
    number = {12},
    pages = {1173--1174},
    year = {2020},
    publisher = {Nature Publishing Group},
    doi = {10.1038/s41592-020-01009-y}
}

% Standards and best practices

@article{fair_principles,
    title = {The FAIR Guiding Principles for scientific data management and stewardship},
    author = {Wilkinson, Mark D and Dumontier, Michel and Aalbersberg, IJsbrand Jan and Appleton, Gabrielle and Axton, Myles and Baak, Arie and Blomberg, Niklas and Boiten, Jan-Willem and da Silva Santos, Luiz Bonino and Bourne, Philip E and others},
    journal = {Scientific Data},
    volume = {3},
    number = {1},
    pages = {1--9},
    year = {2016},
    publisher = {Nature Publishing Group},
    doi = {10.1038/sdata.2016.18}
}

@article{brain_initiative,
    title = {The Brain Initiative: Building, strengthening, and sustaining},
    author = {Koroshetz, Walter J and Gordon, Joshua A and Adams, Lyn and Beckel-Mitchener, Andrea and Churchill, James and Farber, Gregory and Freund, Margaret and Gnadt, James and Hoeft, Fred and Landreth, Gary E and others},
    journal = {Neuron},
    volume = {109},
    number = {11},
    pages = {1636--1642},
    year = {2021},
    publisher = {Elsevier},
    doi = {10.1016/j.neuron.2021.05.019}
}

% End of bibliography